% This file was created with JabRef 2.3.1.
% Encoding: Cp1252



@misc{SWB-469002735,
	title = {The CoCoME platform for collaborative empirical research on information system evolution},
	series = {Karlsruhe reports in informatics ; 2016,2},
	author = {Heinrich, Robert [VerfasserIn]},
	editor = {Rostami, Kiana [VerfasserIn] and Reussner, Ralf [VerfasserIn]},
	address = {Karlsruhe},
	publisher = {KIT},
	year = {[2016]},
	size = {1 Online-Ressource (57 Seiten)},
	bestand = {Karlsruher Institut f√ºr Technologie (KIT) - KIT-Bibliothek <90>;
	lizenzfrei <LFER>;
	},
	URL = {http://dx.doi.org/10.5445/IR/1000052688},
}

@Article{Goltz2015,
	author="Goltz, Ursula
	and Reussner, Ralf H.
	and Goedicke, Michael
	and Hasselbring, Wilhelm
	and M{\"a}rtin, Lukas
	and Vogel-Heuser, Birgit",
	title="Design for future: managed software evolution",
	journal="Computer Science - Research and Development",
	year="2015",
	month="Aug",
	day="01",
	volume="30",
	number="3",
	pages="321--331",
	issn="1865-2042",
	doi="10.1007/s00450-014-0273-9",
	url="https://doi.org/10.1007/s00450-014-0273-9"
}

@inproceedings{olsson2012climbing,
	title={Climbing the" Stairway to Heaven"--A Mulitiple-Case Study Exploring Barriers in the Transition from Agile Development towards Continuous Deployment of Software},
	author={Olsson, Helena Holmstr{\"o}m and Alahyari, Hiva and Bosch, Jan},
	booktitle={Software Engineering and Advanced Applications (SEAA), 2012 38th EUROMICRO Conference on},
	pages={392--399},
	year={2012},
	organization={IEEE}
}
@misc
{schnabel, 
	title={Mobile application client for a cloud based software system}, 
	url={https://github.com/cocome-community-case-study/cocome-cloud-jee-app-shop/blob/master/doc/SQEE1617_MobileApp_Schnabel.pdf}, 
	journal={GitHub}, 
	author={Schnabel, Joshua}
}

